XSym
0031
0bf3e09993ba18c725ed69afca198a4a
/Users/adfreed/Documents/my.bib
                                                                                                                                                                                                                                                                                                                                                                                                                                                                                                                                                                                                                                                                                                                                                                                                                                                                                                                                                                                                                                